
@misc{Authors14,
 author = {Authors},
 title = {The frobnicatable foo filter},
 note = {Face and Gesture  submission ID 324. Supplied as additional material {\tt fg324.pdf}},
 year = 2014
}

@misc{Authors14b,
 author = {Authors},
 title = {Frobnication tutorial},
 note = {Supplied as additional material {\tt tr.pdf}},
 year = 2014
}

@article{Alpher02,
author = {FirstName Alpher},
title = {Frobnication},
journal = {Journal of Foo},
volume = 12, 
number = 1, 
pages = {234--778}, 
year = 2002
}

@article{Alpher03,
author = {FirstName Alpher and  FirstName Fotheringham-Smythe},
title = {Frobnication revisited},
journal = {Journal of Foo},
volume = 13, 
number = 1, 
pages = {234--778}, 
year = 2003
}

@article{Alpher04,
author = {FirstName Alpher and FirstName Fotheringham-Smythe and FirstName Gamow},
title = {Can a machine frobnicate?},
journal = {Journal of Foo},
volume = 14, 
number = 1, 
pages = {234--778}, 
year = 2004
}

@article{chalapathy2019deep,
  title={Deep Learning for Anomaly Detection: A Survey},
  author={Chalapathy, R. and Chawla, S.},
  journal={arXiv},
  year={2019},
  month={Jan},
  doi={10.48550/arXiv.1901.03407}
}

@inproceedings{hagemann2020reconstruction,
  title={Reconstruction-based anomaly detection for the cloud: A comparison on the Yahoo! Webscope S5 dataset},
  author={Hagemann, T. and Katsarou, K.},
  booktitle={Proceedings of the 2020 4th International Conference on Cloud and Big Data Computing},
  pages={68--75},
  year={2020},
  month={Sep},
  organization={Association for Computing Machinery},
  address={New York, NY, USA},
  doi={10.1145/3416921.3416934}
}

@article{kim2018web,
  title={Web traffic anomaly detection using C-LSTM neural networks},
  author={Kim, T.-Y. and Cho, S.-B.},
  journal={Expert Systems with Applications},
  volume={106},
  pages={66--76},
  year={2018},
  month={Sep},
  doi={10.1016/j.eswa.2018.04.004}
}

@article{wong2022aer,
  title={AER: Auto-Encoder with Regression for Time Series Anomaly Detection},
  author={Wong, L. and Liu, D. and Berti-Equille, L. and Alnegheimish, S. and Veeramachaneni, K.},
  journal={arXiv},
  year={2022},
  month={Dec},
  doi={10.48550/arXiv.2212.13558}
}

@article{kang2022generative,
  title={Generative Anomaly Detection for Time Series Datasets},
  author={Kang, Z. and Mukhopadhyay, A. and Gokhale, A. and Wen, S. and Dubey, A.},
  journal={arXiv},
  year={2022},
  month={Jun},
  doi={10.48550/arXiv.2206.14597}
}

@inproceedings{raturi2023novel,
  title={A Novel Approach for Anomaly Detection in Time-Series Data using Generative Adversarial Networks},
  author={Raturi, R. and Kumar, A. and Vyas, N. and Dutt, V.},
  booktitle={2023 International Conference on Sustainable Computing and Smart Systems},
  pages={1352--1357},
  year={2023},
  month={Jun},
  doi={10.1109/ICSCSS57650.2023.10169365}
}

@article{yoshihara2022simple,
  title={A simple method for unsupervised anomaly detection: An application to Web time series data},
  author={Yoshihara, K. and Takahashi, K.},
  journal={PLOS ONE},
  volume={17},
  number={1},
  pages={e0262463},
  year={2022},
  month={Jan},
  doi={10.1371/journal.pone.0262463}
}

@misc{design2022large,
  title={Design of a Large-Scale Anomaly Detection Algorithm for Time Series in the Context of Wireless Network Operations},
  howpublished={ProQuest},
  note={Available at: \url{https://www.proquest.com/openview/30ab3da21157f8c9c667d18d1427f708/}},
  year={2022}
}

@misc{yahooS5,
  title={S5 - A Labeled Anomaly Detection Dataset},
  author={Yahoo Research},
  note={Available at: \url{https://webscope.sandbox.yahoo.com/catalog.php?datatype=s&did=70}}
}
